<?xml version="1.0" encoding="UTF-8"?><collection xmlns="http://www.loc.gov/MARC21/slim"><record><leader>00383nam--2200133-i-4500</leader><controlfield tag="001">000008083</controlfield><controlfield tag="002">20161230</controlfield><controlfield tag="005">20161230201027</controlfield><controlfield tag="008">060222s1000------------r-----000-0-eng-d</controlfield><datafield ind1=" " ind2=" " tag="080"><subfield code="a">347.77</subfield></datafield><datafield ind1=" " ind2=" " tag="245"><subfield code="a">The encyclopedia of patent practice and invent ion management.ed:..</subfield></datafield><datafield ind1=" " ind2=" " tag="260"><subfield code="a">New York,Reinhold Publishing Corporation,1964 Xix + 86o P</subfield></datafield><datafield ind1=" " ind2=" " tag="700"><subfield code="a">Calvert,Robert</subfield></datafield><datafield ind1=" " ind2=" " tag="852"><subfield code="a">27159</subfield></datafield></record></collection>